<?xml version="1.0" encoding="UTF-8" ?><marc:collection xmlns:marc="http://www.loc.gov/MARC21/slim" xmlns:xsi="http://www.w3.org/2001/XMLSchema-instance" xsi:schemaLocation="http://www.loc.gov/MARC21/slim http://www.loc.gov/standards/marcxml/schema/MARC21slim.xsd">
<marc:record><marc:leader>03441cam a2200493Mi 4500</marc:leader>
<marc:controlfield tag="001">b12613629</marc:controlfield>
<marc:controlfield tag="003">UaCaAUL</marc:controlfield><marc:controlfield tag="005">20190822020239.0</marc:controlfield><marc:controlfield tag="008">961119s1925    ua            000 0 ara d</marc:controlfield><marc:datafield tag="035" ind1=" " ind2=" "><marc:subfield code="a">(OCoLC)80050527</marc:subfield></marc:datafield><marc:datafield tag="040" ind1=" " ind2=" "><marc:subfield code="a">HLS</marc:subfield><marc:subfield code="b">eng</marc:subfield><marc:subfield code="e">rda</marc:subfield><marc:subfield code="c">HLS</marc:subfield><marc:subfield code="d">OCLCG</marc:subfield><marc:subfield code="d">OCLCF</marc:subfield><marc:subfield code="d">OCLCQ</marc:subfield><marc:subfield code="d">OCLCA</marc:subfield><marc:subfield code="d">MEAUC</marc:subfield></marc:datafield><marc:datafield tag="049" ind1=" " ind2=" "><marc:subfield code="a">MAIN</marc:subfield></marc:datafield><marc:datafield tag="050" ind1="1" ind2="4"><marc:subfield code="a">PJ7750.A25</marc:subfield><marc:subfield code="b">Z3x 1925</marc:subfield></marc:datafield><marc:datafield tag="066" ind1=" " ind2=" "><marc:subfield code="c">(3</marc:subfield></marc:datafield><marc:datafield tag="090" ind1=" " ind2=" "><marc:subfield code="a">PJ7750.A25</marc:subfield><marc:subfield code="b">Z3x 1925</marc:subfield></marc:datafield><marc:datafield tag="100" ind1="1" ind2=" "><marc:subfield code="6">880-01</marc:subfield><marc:subfield code="a">Rājkūtī, ʻAbd al-ʻAzīz al-Maymanī.</marc:subfield></marc:datafield><marc:datafield tag="245" ind1="1" ind2="0"><marc:subfield code="6">880-02</marc:subfield><marc:subfield code="a">Abū al-ʻAlāʼ wa-mā ilayh :</marc:subfield><marc:subfield code="b">wa-huwa kitāb ḥāfil bi-tārīkhihi wa-akhbārihi, jāmiʻ lil-mabāḥith al-daqīqah fī ḥayātihi wa-āthārihi, munabbih ʻalá awhām al-Sharq wa-al-Gharb fī fihm rumūzihi wa-asrārih /</marc:subfield><marc:subfield code="c">mimmā ʻuniya bi-waḍʻihi wa-waṣfihi wa-qāma bi-jamʻihi wa-raṣfihi al-gharīb ʻAbd al-ʻAzīz al-Maymanī al-Rājkūtī al-Atharī al-Hindī, al-ustādh bi-Jāmiʻat ʻAlī Karah al-Islāmīyah fī al-Hind, laṭafa Allāh bi-hi wa-karramah.</marc:subfield></marc:datafield><marc:datafield tag="264" ind1=" " ind2="1"><marc:subfield code="6">880-03</marc:subfield><marc:subfield code="a">al-Qāhirah :</marc:subfield><marc:subfield code="b">Al-Maṭbaʻah al-Salafīyah wa-Maktabatuhā,</marc:subfield><marc:subfield code="c">1344 H, 1925 M.</marc:subfield></marc:datafield><marc:datafield tag="300" ind1=" " ind2=" "><marc:subfield code="a">319 pages ;</marc:subfield><marc:subfield code="c">25 cm.</marc:subfield></marc:datafield><marc:datafield tag="336" ind1=" " ind2=" "><marc:subfield code="a">text</marc:subfield><marc:subfield code="b">txt</marc:subfield><marc:subfield code="2">rdacontent.</marc:subfield></marc:datafield><marc:datafield tag="337" ind1=" " ind2=" "><marc:subfield code="a">unmediated</marc:subfield><marc:subfield code="b">n</marc:subfield><marc:subfield code="2">rdamedia.</marc:subfield></marc:datafield><marc:datafield tag="338" ind1=" " ind2=" "><marc:subfield code="a">volume</marc:subfield><marc:subfield code="b">nc</marc:subfield><marc:subfield code="2">rdacarrier.</marc:subfield></marc:datafield><marc:datafield tag="490" ind1="1" ind2=" "><marc:subfield code="6">880-04</marc:subfield><marc:subfield code="a">Silsilat Dār al-Muṣannifīn ;</marc:subfield><marc:subfield code="v">raqm 29.</marc:subfield></marc:datafield><marc:datafield tag="500" ind1=" " ind2=" "><marc:subfield code="a">Includes errata pages.</marc:subfield></marc:datafield><marc:datafield tag="504" ind1=" " ind2=" "><marc:subfield code="a">Includes bibliographical references.</marc:subfield></marc:datafield><marc:datafield tag="500" ind1=" " ind2=" "><marc:subfield code="6">880-05</marc:subfield><marc:subfield code="a">Wa-ṭubiʻa ʻalá nafaqat Jamʻīyat Dār al-Muṣannifīn fī Aʻẓam Karah (al-Hind).</marc:subfield></marc:datafield><marc:datafield tag="500" ind1=" " ind2=" "><marc:subfield code="6">880-06</marc:subfield><marc:subfield code="a">Ashrafa ʻalá ṭabʻihi Muḥibb al-Dīn al-Khatīb, munshiʼ Majllat al-Zahrāʼ.</marc:subfield></marc:datafield><marc:datafield tag="600" ind1="0" ind2="0"><marc:subfield code="6">880-07</marc:subfield><marc:subfield code="a">Abū al-ʻAlāʼ al-Maʻarrī,</marc:subfield><marc:subfield code="d">973-1057.</marc:subfield></marc:datafield><marc:datafield tag="600" ind1="0" ind2="7"><marc:subfield code="a">Abū al-ʻAlāʼ al-Maʻarrī,</marc:subfield><marc:subfield code="d">973-1057</marc:subfield><marc:subfield code="2">fast</marc:subfield><marc:subfield code="0">(OCoLC)fst00093688.</marc:subfield></marc:datafield><marc:datafield tag="710" ind1="2" ind2=" "><marc:subfield code="6">880-08</marc:subfield><marc:subfield code="a">Majmaʻ Dār al-Muṣannifīn (Azamgarh, India)</marc:subfield></marc:datafield><marc:datafield tag="830" ind1=" " ind2="0"><marc:subfield code="6">880-09</marc:subfield><marc:subfield code="a">Silsilat Dār al-Muṣannifīn ;</marc:subfield><marc:subfield code="v">raqm 29.</marc:subfield></marc:datafield><marc:datafield tag="880" ind1="1" ind2="0"><marc:subfield code="6">245-02/(3/r</marc:subfield><marc:subfield code="a">أبو العلاء وما إليه :‪</marc:subfield><marc:subfield code="b">وهو كتاب حافل بتاريخه وأخباره، جامع للمباحث الدقيقة في حياته وآثاره، منبه على أوهام الشرق والغرب في فهم رموزه وأسراره /‪</marc:subfield><marc:subfield code="c">مما عني بوضعه ووصفه وقام بجمعه ورصفه الغريب عبد العزيز الميمني الراجكوتي الاثري الهندي، الأستاذ بجامعة علي كرة الإسلامية في الهند، لطف الله به وكرمة..</marc:subfield></marc:datafield><marc:datafield tag="880" ind1="1" ind2=" "><marc:subfield code="6">100-01/(3/r</marc:subfield><marc:subfield code="a">راجكوتي، عبد العزيز الميمني..</marc:subfield></marc:datafield><marc:datafield tag="880" ind1=" " ind2="1"><marc:subfield code="6">264-03/(3/r</marc:subfield><marc:subfield code="a">القاهرة :‪</marc:subfield><marc:subfield code="b">المطبعة السلفية ومكتبتها،‪</marc:subfield><marc:subfield code="c">1344 ه، 1925 م..</marc:subfield></marc:datafield><marc:datafield tag="880" ind1="1" ind2=" "><marc:subfield code="6">490-04/(3/r</marc:subfield><marc:subfield code="a">سلسلة دار المصنفين ؛‪</marc:subfield><marc:subfield code="v">رقم 29.</marc:subfield></marc:datafield><marc:datafield tag="880" ind1=" " ind2=" "><marc:subfield code="6">500-05/(3/r</marc:subfield><marc:subfield code="a">وطبع على نفقة جمعية دار المصنفين في أعظم كرة (لهند)..</marc:subfield></marc:datafield><marc:datafield tag="880" ind1=" " ind2=" "><marc:subfield code="6">500-06/(3/r</marc:subfield><marc:subfield code="a">أشرف على طبعه محب الدين الختيب، منشئ مجلة الزهراء..</marc:subfield></marc:datafield><marc:datafield tag="880" ind1="0" ind2="4"><marc:subfield code="6">600-07/(3/r</marc:subfield><marc:subfield code="a">أبو العلاء المعري،،‪</marc:subfield><marc:subfield code="d">1057-973.</marc:subfield></marc:datafield><marc:datafield tag="880" ind1="2" ind2=" "><marc:subfield code="6">710-08/(3/r</marc:subfield><marc:subfield code="a">مجمع دار المصنفين (أعظم كرة، الهند).</marc:subfield></marc:datafield><marc:datafield tag="880" ind1=" " ind2="0"><marc:subfield code="6">830-09/(3/r</marc:subfield><marc:subfield code="a">سلسلة دار المصنفين ؛ ؛‪</marc:subfield><marc:subfield code="v">رقم 29.</marc:subfield></marc:datafield><marc:datafield tag="907" ind1=" " ind2=" "><marc:subfield code="a">.b12613629</marc:subfield><marc:subfield code="b">main </marc:subfield></marc:datafield><marc:datafield tag="902" ind1=" " ind2=" "><marc:subfield code="a">190902</marc:subfield></marc:datafield><marc:datafield tag="998" ind1=" " ind2=" "><marc:subfield code="b">2</marc:subfield><marc:subfield code="c">970101</marc:subfield><marc:subfield code="d">m</marc:subfield><marc:subfield code="e">~</marc:subfield><marc:subfield code="f">-</marc:subfield><marc:subfield code="g">0</marc:subfield><marc:subfield code="k">TA</marc:subfield></marc:datafield><marc:datafield tag="945" ind1=" " ind2=" "><marc:subfield code="l">main </marc:subfield></marc:datafield></marc:record>
</marc:collection>
